@article{ddpgPaper,
  title={Continuous control with deep reinforcement learning},
  author={Lillicrap, Timothy P and Hunt, Jonathan J and Pritzel, Alexander and Heess, Nicolas and Erez, Tom and Tassa, Yuval and Silver, David and Wierstra, Daan},
  journal={arXiv preprint arXiv:1509.02971},
  year={2015}
}

@article{mlcancerPaper,
title = {Machine learning applications in cancer prognosis and prediction},
journal = {Computational and Structural Biotechnology Journal},
volume = {13},
pages = {8-17},
year = {2015},
issn = {2001-0370},
doi = {https://doi.org/10.1016/j.csbj.2014.11.005},
url = {https://www.sciencedirect.com/science/article/pii/S2001037014000464},
author = {Konstantina Kourou and Themis P. Exarchos and Konstantinos P. Exarchos and Michalis V. Karamouzis and Dimitrios I. Fotiadis},
keywords = {Machine learning, Cancer susceptibility, Predictive models, Cancer recurrence, Cancer survival},
}

@article{imagenetPaper,
  title={Imagenet classification with deep convolutional neural networks},
  author={Krizhevsky, Alex and Sutskever, Ilya and Hinton, Geoffrey E},
  journal={Advances in neural information processing systems},
  volume={25},
  pages={1097--1105},
  year={2012}
}

@article{scrloiaconoPaper,
  title={Simulated car racing championship: Competition software manual},
  author={Loiacono, Daniele and Cardamone, Luigi and Lanzi, Pier Luca},
  journal={arXiv preprint arXiv:1304.1672},
  year={2013}
}

@article{dqnPaper,
  title={Human-level control through deep reinforcement learning},
  author={Mnih, Volodymyr and Kavukcuoglu, Koray and Silver, David and Rusu, Andrei A and Veness, Joel and Bellemare, Marc G and Graves, Alex and Riedmiller, Martin and Fidjeland, Andreas K and Ostrovski, Georg and others},
  journal={nature},
  volume={518},
  number={7540},
  pages={529--533},
  year={2015},
  publisher={Nature Publishing Group}
}

@INPROCEEDINGS{mainTORCSPaper,  
author={Huang, Zhiqing and Zhang, Ji and Tian, Rui and Zhang, Yanxin},  
booktitle={2019 5th International Conference on Control, Automation and Robotics (ICCAR)},   
title={End-to-End Autonomous Driving Decision Based on Deep Reinforcement Learning},   
year={2019},  
volume={},  
number={},  
pages={658-662},  
doi={10.1109/ICCAR.2019.8813431}}

@OPENAI{openaiWebsite,
author={OpenAI},
title={\url{https://beta.openai.com/examples}}
}

@TORCS{torcsWebsite,
author={TORCS},
title={\url{http://torcs.sourceforge.net/}}
}

@REINFORCE{reinforcemathWebsite,
author={Chris Yoon},
title={\url{https://medium.com/@thechrisyoon/deriving-policy-gradients-and-implementing-reinforce-f887949bd63}}
}

@SNAKEOIL{snakeoilWebsite,
author={Chris X Edwards},
title={\url{http://xed.ch/p/snakeoil/}}
}

@InProceedings{frameinterpolationPaper,
author = {Bao, Wenbo and Lai, Wei-Sheng and Ma, Chao and Zhang, Xiaoyun and Gao, Zhiyong and Yang, Ming-Hsuan},
title = {Depth-Aware Video Frame Interpolation},
booktitle = {Proceedings of the IEEE/CVF Conference on Computer Vision and Pattern Recognition (CVPR)},
month = {June},
year = {2019}
}

@INPROCEEDINGS{rocketcontrolPaper,
  author={Chiman Kwan and Xu, R. and Wei Liu and Tan, R. and Haynes, L.},
  booktitle={Proceedings of the 37th IEEE Conference on Decision and Control (Cat. No.98CH36171)}, 
  title={Nonlinear control of missile dynamics}, 
  year={1998},
  volume={4},
  number={},
  pages={4685-4690 vol.4},
  doi={10.1109/CDC.1998.762073}}
  
@ARTICLE{catalistPaper,
  author={Glielmo, L. and Milano, M. and Santini, S.},
  journal={IEEE/ASME Transactions on Mechatronics}, 
  title={A machine learning approach to modeling and identification of automotive three-way catalytic converters}, 
  year={2000},
  volume={5},
  number={2},
  pages={132-141},
  doi={10.1109/3516.847086}}
  
@book{rlBook,
  title={Reinforcement learning: An introduction},
  author={Sutton, Richard S and Barto, Andrew G},
  year={2018},
  publisher={MIT press}
}

@article{rlSurvey,
  title={Reinforcement learning: A survey},
  author={Kaelbling, Leslie Pack and Littman, Michael L and Moore, Andrew W},
  journal={Journal of artificial intelligence research},
  volume={4},
  pages={237--285},
  year={1996}
}

@article{qlearningPaper,
  title={Learning from delayed rewards},
  author={Watkins, Christopher John Cornish Hellaby},
  year={1989},
  publisher={King's College, Cambridge United Kingdom}
}

@article{qlearningtecnicalPaper,
  title={Q-learning},
  author={Watkins, Christopher JCH and Dayan, Peter},
  journal={Machine learning},
  volume={8},
  number={3-4},
  pages={279--292},
  year={1992},
  publisher={Springer}
}

@ARTICLE{rlinstabilityPaper,  
author={Tsitsiklis, J.N. and Van Roy, B.},  
journal={IEEE Transactions on Automatic Control},
title={An analysis of temporal-difference learning with function approximation},
year={1997},
volume={42},
number={5},
pages={674-690},
doi={10.1109/9.580874}
}

@article{reinforcePaper,
  title={Simple statistical gradient-following algorithms for connectionist reinforcement learning},
  author={Williams, Ronald J},
  journal={Machine learning},
  volume={8},
  number={3},
  pages={229--256},
  year={1992},
  publisher={Springer}
}